<record><leader>00000cas a22000007a 4500</leader><controlfield tag="001">12435290</controlfield><controlfield tag="008">850828d19101937wiuwr ne      0    0eng d</controlfield><datafield ind1=" " ind2=" " tag="010"><subfield code="a">sn 85041137 </subfield></datafield><datafield ind1=" " ind2=" " tag="040"><subfield code="a">NPV</subfield><subfield code="b">eng</subfield><subfield code="c">NPV</subfield><subfield code="d">OCLCQ</subfield></datafield><datafield ind1=" " ind2=" " tag="042"><subfield code="a">msc</subfield></datafield><datafield ind1=" " ind2=" " tag="045"><subfield code="a">x1x3</subfield></datafield><datafield ind1=" " ind2=" " tag="052"><subfield code="a">4123</subfield><subfield code="b">R5</subfield></datafield><datafield ind1="0" ind2="0" tag="245"><subfield code="a">Cazenovia reporter.</subfield></datafield><datafield ind1=" " ind2=" " tag="260"><subfield code="a">Cazenovia, Wis. :</subfield><subfield code="b">Reporter Pub.,</subfield><subfield code="c">-1937.</subfield></datafield><datafield ind1=" " ind2=" " tag="300"><subfield code="a">v. :</subfield><subfield code="b">ill.</subfield></datafield><datafield ind1=" " ind2=" " tag="310"><subfield code="a">Weekly</subfield></datafield><datafield ind1="0" ind2=" " tag="362"><subfield code="a">-Jan. 22, 1937.</subfield></datafield><datafield ind1="1" ind2=" " tag="362"><subfield code="a">Began in Oct. 1910.</subfield><subfield code="z">Cf. Oehlerts, d. E. Guide to Wis. newspapers.</subfield></datafield><datafield ind1=" " ind2=" " tag="500"><subfield code="a">Publisher: O.D. Whitehill, &lt;Mar. 3, 1911&gt;-Nov. 4, 1915.--J.S. Herlihy, Nov. 11, 1915-Mar. 12, 1924.--Mrs. B. Herlihy, Apr. 17, 1924-June 25, 1925.--E.W. Kredl, July 2, 1925-June 2, 1934.--E.W. Kredl Estate, June 14, 1934-Jan. 10, 1935.--A.R. Schumann, Feb. 17, 1935-Dec. 25, 1936.--C. Kredl, &lt;Jan. 1937&gt;.</subfield></datafield><datafield ind1=" " ind2=" " tag="500"><subfield code="a">Editor: E.W. Kredl, July 2, 1925-June 2, 1934.--C.C. Webb, June 14-Aug. 30, 1934.--A.A. Schumann, Mar. 7, 1935-Dec. 25, 1936.</subfield></datafield><datafield ind1=" " ind2=" " tag="530"><subfield code="a">Available on microfilm from The State Historical Society of Wisconsin.</subfield></datafield><datafield ind1=" " ind2=" " tag="588"><subfield code="a">Description based on: Vol. 1, no. 22 (Mar. 3, 1911).</subfield></datafield><datafield ind1=" " ind2=" " tag="752"><subfield code="a">United States</subfield><subfield code="b">Wisconsin</subfield><subfield code="c">Richland</subfield><subfield code="d">Cazenovia.</subfield></datafield></record>